<record><leader>00000cas a22000001  4500</leader><controlfield tag="001">19333733</controlfield><controlfield tag="007">hd afb018baca</controlfield><controlfield tag="007">hd bfb018baaa</controlfield><controlfield tag="008">881018d19341936mnuwr nea     0    0eng d</controlfield><datafield ind1=" " ind2=" " tag="010"><subfield code="a">sn 94081127 </subfield></datafield><datafield ind1=" " ind2=" " tag="040"><subfield code="a">NYP</subfield><subfield code="b">eng</subfield><subfield code="c">NYP</subfield><subfield code="d">RQM</subfield><subfield code="d">OCLCQ</subfield><subfield code="d">OCLCF</subfield><subfield code="d">OCLCO</subfield></datafield><datafield ind1=" " ind2=" " tag="012"><subfield code="i">9412</subfield></datafield><datafield ind1="1" ind2=" " tag="029"><subfield code="a">AU@</subfield><subfield code="b">000025186162</subfield></datafield><datafield ind1=" " ind2=" " tag="042"><subfield code="a">msc</subfield></datafield><datafield ind1=" " ind2=" " tag="043"><subfield code="a">n-us---</subfield></datafield><datafield ind1="0" ind2="0" tag="245"><subfield code="a">Farmers national weekly, voice of the toiling farmers</subfield><subfield code="h">[microform].</subfield></datafield><datafield ind1="3" ind2="0" tag="246"><subfield code="a">Farmers national weekly</subfield></datafield><datafield ind1=" " ind2=" " tag="260"><subfield code="a">Minneapolis, Minn. [etc.],</subfield><subfield code="b">Farmers National Education Association.</subfield></datafield><datafield ind1=" " ind2=" " tag="300"><subfield code="a">3 v.</subfield><subfield code="b">ill.</subfield><subfield code="c">43 cm.</subfield></datafield><datafield ind1=" " ind2=" " tag="310"><subfield code="a">Weekly</subfield></datafield><datafield ind1="0" ind2=" " tag="362"><subfield code="a">v. 1-3, no. 25; Jan. 15, 1934-Aug. 21, 1936.</subfield></datafield><datafield ind1=" " ind2=" " tag="515"><subfield code="a">Jan. 15, 1934 issue lacks numbering and is called sample issue.</subfield></datafield><datafield ind1=" " ind2=" " tag="580"><subfield code="a">Formed by the union of: Producers news; Farmers national weekly; and: Workers and farmers cooperative bulletin.</subfield></datafield><datafield ind1=" " ind2=" " tag="580"><subfield code="a">United with: Farm holiday news, to form: National farm holiday news.</subfield></datafield><datafield ind1=" " ind2=" " tag="533"><subfield code="a">Microfilm.</subfield><subfield code="m">Apr. 1934-Aug. 1936.</subfield><subfield code="b">New York :</subfield><subfield code="c">New York Public Library,</subfield><subfield code="d">1962.</subfield><subfield code="e">1 microfilm reel ; 35 mm.</subfield></datafield><datafield ind1=" " ind2="0" tag="650"><subfield code="a">Agriculture</subfield><subfield code="z">United States</subfield><subfield code="v">Periodicals.</subfield></datafield><datafield ind1=" " ind2="0" tag="650"><subfield code="a">Agricultural credit</subfield><subfield code="z">United States</subfield><subfield code="v">Periodicals.</subfield></datafield><datafield ind1=" " ind2="7" tag="655"><subfield code="a">Periodicals.</subfield><subfield code="2">fast</subfield><subfield code="0">(OCoLC)fst01411641</subfield></datafield><datafield ind1=" " ind2="7" tag="650"><subfield code="a">Agricultural credit.</subfield><subfield code="2">fast</subfield><subfield code="0">(OCoLC)fst00800626</subfield></datafield><datafield ind1=" " ind2="7" tag="650"><subfield code="a">Agriculture.</subfield><subfield code="2">fast</subfield><subfield code="0">(OCoLC)fst00801355</subfield></datafield><datafield ind1=" " ind2="7" tag="651"><subfield code="a">United States.</subfield><subfield code="2">fast</subfield><subfield code="0">(OCoLC)fst01204155</subfield></datafield><datafield ind1="2" ind2=" " tag="710"><subfield code="a">Farmers National Educational Association.</subfield></datafield><datafield ind1="1" ind2=" " tag="776"><subfield code="c">Original</subfield><subfield code="w">(DLC)sn 85053360</subfield></datafield><datafield ind1="1" ind2="4" tag="780"><subfield code="t">Producers news</subfield></datafield><datafield ind1="1" ind2="4" tag="780"><subfield code="t">Farmers national weekly</subfield></datafield><datafield ind1="1" ind2="4" tag="780"><subfield code="t">Workers and farmers cooperative bulletin</subfield></datafield><datafield ind1="1" ind2="7" tag="785"><subfield code="t">Farm holiday news</subfield></datafield><datafield ind1="1" ind2="7" tag="785"><subfield code="t">National farm holiday news</subfield></datafield><datafield ind1=" " ind2=" " tag="850"><subfield code="a">NN</subfield><subfield code="a">NN (master)</subfield></datafield></record>